<zs:record>
      <zs:recordPacking>xml</zs:recordPacking>
      <zs:recordData>
        <record xmlns="http://www.loc.gov/MARC21/slim">
          <leader>00460nz a2200121 4500</leader>
          <controlfield tag="001">30061419</controlfield>
          <controlfield tag="003">RISM</controlfield>
          <controlfield tag="005">20121108</controlfield>
          <controlfield tag="008">121108n||az|||||||##########||||||||||||</controlfield>
          <datafield tag="043" ind1=" " ind2=" ">
            <subfield code="c">Belgium</subfield>
          </datafield>
          <datafield tag="110" ind1="2" ind2=" ">
            <subfield code="a">Karel de Grote Hogeschool - Departement Audiovisuele en Beeldende Kunst - Campus
              Sint-Lucas</subfield>
            <subfield code="c">Antwerpen</subfield>
            <subfield code="g">B-Aabk</subfield>
          </datafield>
          <datafield tag="622" ind1=" " ind2=" ">
            <subfield code="e">Karel de Grote Hogeschool - Departement, Audiovisuele en Beeldende Kunst -, Campus
              Sint-Lucas, Sint-Jozefstraat 35, Antwerpen, Belgium</subfield>
          </datafield>
          <datafield tag="670" ind1="2" ind2=" ">
            <subfield code="a">116</subfield>
          </datafield>
          <idzebra xmlns="http://www.indexdata.dk/zebra/">
            <size>460</size>
            <score>680</score>
            <localnumber>834942</localnumber>
            <filename>sigla/sigla.mrc</filename>
          </idzebra>
        </record>
      </zs:recordData>
      <zs:recordPosition>107</zs:recordPosition>
    </zs:record>