<zs:record>
      <zs:recordPacking>xml</zs:recordPacking>
      <zs:recordData>
        <record xmlns="http://www.loc.gov/MARC21/slim">
          <leader>00366nz a2200109 4500</leader>
          <controlfield tag="001">30006673</controlfield>
          <controlfield tag="003">RISM</controlfield>
          <controlfield tag="005">20121108</controlfield>
          <controlfield tag="008">121108n||az|||||||##########||||||||||||</controlfield>
          <datafield tag="043" ind1=" " ind2=" ">
            <subfield code="c">Belgium</subfield>
          </datafield>
          <datafield tag="110" ind1="2" ind2=" ">
            <subfield code="a">Bibliotheek van het Ruusbroecgenootschap</subfield>
            <subfield code="c">Antwerpen</subfield>
            <subfield code="g">B-Abr</subfield>
          </datafield>
          <datafield tag="622" ind1=" " ind2=" ">
            <subfield code="e">Bibliotheek van het Ruusbroecgenootschap, Grote Kauwenberg 32, Antwerpen,
              Belgium</subfield>
            <subfield code="u">http://www.ua.ac.be/ruusbroec</subfield>
          </datafield>
          <idzebra xmlns="http://www.indexdata.dk/zebra/">
            <size>366</size>
            <score>680</score>
            <localnumber>834472</localnumber>
            <filename>sigla/sigla.mrc</filename>
          </idzebra>
        </record>
      </zs:recordData>
      <zs:recordPosition>99</zs:recordPosition>
    </zs:record>