<zs:record>
      <zs:recordPacking>xml</zs:recordPacking>
      <zs:recordData>
        <record xmlns="http://www.loc.gov/MARC21/slim">
          <leader>00392nz a2200133 4500</leader>
          <controlfield tag="001">30006672</controlfield>
          <controlfield tag="003">RISM</controlfield>
          <controlfield tag="005">20121108</controlfield>
          <controlfield tag="008">121108n||az|||||||##########||||||||||||</controlfield>
          <datafield tag="043" ind1=" " ind2=" ">
            <subfield code="c">Belgium</subfield>
          </datafield>
          <datafield tag="110" ind1="2" ind2=" ">
            <subfield code="a">Letterenhuis</subfield>
            <subfield code="c">Antwerpen</subfield>
            <subfield code="g">B-Acamvc</subfield>
          </datafield>
          <datafield tag="410" ind1="2" ind2=" ">
            <subfield code="a">AMVC-Letterenhuis</subfield>
          </datafield>
          <datafield tag="622" ind1=" " ind2=" ">
            <subfield code="e">Letterenhuis, Minderbroedersstraat 22, 2000 Antwerpen, Belgium</subfield>
            <subfield code="u">http://www.letterenhuis.be/</subfield>
          </datafield>
          <datafield tag="852" ind1="2" ind2=" ">
            <subfield code="b">51.2227301, 4.4047088</subfield>
          </datafield>
          <idzebra xmlns="http://www.indexdata.dk/zebra/">
            <size>392</size>
            <score>680</score>
            <localnumber>831421</localnumber>
            <filename>sigla/sigla.mrc</filename>
          </idzebra>
        </record>
      </zs:recordData>
      <zs:recordPosition>45</zs:recordPosition>
    </zs:record>