<zs:record>
      <zs:recordPacking>xml</zs:recordPacking>
      <zs:recordData>
        <record xmlns="http://www.loc.gov/MARC21/slim">
          <leader>00582nz a2200121 4500</leader>
          <controlfield tag="001">30002063</controlfield>
          <controlfield tag="003">RISM</controlfield>
          <controlfield tag="005">20121108</controlfield>
          <controlfield tag="008">121108n||az|||||||##########||||||||||||</controlfield>
          <datafield tag="043" ind1=" " ind2=" ">
            <subfield code="c">Belgium</subfield>
          </datafield>
          <datafield tag="110" ind1="2" ind2=" ">
            <subfield code="a">Universiteit Antwerpen, Bibliotheek Stadscampus</subfield>
            <subfield code="c">Antwerpen</subfield>
            <subfield code="g">B-Au</subfield>
          </datafield>
          <datafield tag="410" ind1="2" ind2=" ">
            <subfield code="a">UFSIA (Universitaire Faculteiten Sint-Ignatius te Antwerpen), bibliotheek</subfield>
          </datafield>
          <datafield tag="622" ind1=" " ind2=" ">
            <subfield code="e">Universiteit Antwerpen, Bibliotheek, Stadscampus, Prinsstraat 13, 2000 Antwerpen,
              Belgium</subfield>
            <subfield code="u">http://anet.ua.ac.be/desktop/ua/core/index.phtml?language=&amp;euser=&amp;session=&amp;service=&amp;robot=&amp;deskservice=desktop&amp;desktop=ua&amp;workstation=&amp;extra=</subfield>
          </datafield>
          <idzebra xmlns="http://www.indexdata.dk/zebra/">
            <size>582</size>
            <score>680</score>
            <localnumber>829818</localnumber>
            <filename>sigla/sigla.mrc</filename>
          </idzebra>
        </record>
      </zs:recordData>
      <zs:recordPosition>7</zs:recordPosition>
    </zs:record>