<zs:record>
      <zs:recordPacking>xml</zs:recordPacking>
      <zs:recordData>
        <record xmlns="http://www.loc.gov/MARC21/slim">
          <leader>00449nz a2200121 4500</leader>
          <controlfield tag="001">30000439</controlfield>
          <controlfield tag="003">RISM</controlfield>
          <controlfield tag="005">20121108</controlfield>
          <controlfield tag="008">121108n||az|||||||##########||||||||||||</controlfield>
          <datafield tag="043" ind1=" " ind2=" ">
            <subfield code="c">Belgium</subfield>
          </datafield>
          <datafield tag="110" ind1="2" ind2=" ">
            <subfield code="a">CeBeDeM (Centre Belge de Documentation Musicale)</subfield>
            <subfield code="c">Bruxelles</subfield>
            <subfield code="g">B-Bcdm</subfield>
          </datafield>
          <datafield tag="410" ind1="2" ind2=" ">
            <subfield code="a">Belgisch Centrum voor Muziekdocumentatie</subfield>
          </datafield>
          <datafield tag="622" ind1=" " ind2=" ">
            <subfield code="e">CeBeDeM (Centre Belge de Documentation, Musicale), Avenue du port 86c bte 214, 1000
              Bruxelles, Belgium</subfield>
            <subfield code="u">http://www.cebedem.be/fr</subfield>
          </datafield>
          <idzebra xmlns="http://www.indexdata.dk/zebra/">
            <size>449</size>
            <score>680</score>
            <localnumber>836188</localnumber>
            <filename>sigla/sigla.mrc</filename>
          </idzebra>
        </record>
      </zs:recordData>
      <zs:recordPosition>134</zs:recordPosition>
    </zs:record>